@article{mey2020best,
  title={Best Practices for Alchemical Free Energy Calculations [Article v1.0]},
  author={Mey, Antonia S. J. S. and Allen, Brice K. and Macdonals, Hannah E. Bruce and Chodera, John D. and Hahn, David F. and Kuhn, Maximilian and Michel, Julien and Mobley, David L. and Naden, levi N. and Prasad, Samarjeet and Rizzi, Andrea and Scheen, Jenke and Shirts, Michael R. and Tresadern, Gary and Xu, Huafeng},
  journal={Living Journal of Computational Molecular Science},
  volume={2},
  number={1},
  pages={18378},
  year={2020},
  doi = {10.33011/livecoms.2.1.18378}
}
References
@article{cournia_allen_sherman_2017,
title={Relative Binding Free Energy Calculations in Drug Discovery: Recent Advances and Practical Considerations},
volume={57}, 
DOI={10.1021/acs.jcim.7b00564},
number={12},
journal={Journal of Chemical Information and Modeling},
author={Cournia, Zoe and Allen, Bryce and Sherman, Woody},
year={2017},
pages={2911-2937}

@article{kuhn_firth-clark_tosco_mey_mackey_michel_2020,
title={Assessment of Binding Affinity via Alchemical Free-Energy Calculations},
volume={60},
DOI={10.1021/acs.jcim.0c00165},
number={6},
journal={Journal of Chemical Information and Modeling},
author={Kuhn, Maximilian and Firth-Clark, Stuart and Tosco, Paolo and Mey, Antonia S. J. S. and Mackey, Mark and Michel, Julien},
year={2020},
pages={3120-3130}